%% This BibTeX bibliography file was created using BibDesk.
%% http://bibdesk.sourceforge.net/


%% Created for Will Bolton at 2015-08-04 11:01:44 +0100 


%% Saved with string encoding Unicode (UTF-8) 



@book{fraleigh2013,
	Author = {Fraleigh, John B},
	Date-Added = {2015-08-04 10:01:00 +0000},
	Date-Modified = {2015-08-04 10:01:42 +0000},
	Publisher = {Pearson Higher Ed},
	Title = {First Course in Abstract Algebra, A: Pearson New International Edition},
	Year = {2013}}

@book{goodman1998,
	Author = {Goodman, Frederick M},
	Date-Added = {2015-08-04 10:00:53 +0000},
	Date-Modified = {2015-08-04 10:01:23 +0000},
	Publisher = {Prentice Hall},
	Title = {Algebra: abstract and concrete},
	Year = {1998}}

@book{silverman-rational,
	Author = {Silverman, Joseph H and Tate, John T},
	Date-Added = {2015-07-01 23:33:54 +0000},
	Date-Modified = {2015-07-01 23:34:44 +0000},
	Publisher = {Springer Science \& Business Media},
	Title = {Rational points on elliptic curves},
	Year = {2013}}

@book{silverman-arithmetic,
	Author = {Silverman, Joseph H},
	Date-Added = {2015-07-01 23:30:38 +0000},
	Date-Modified = {2015-07-01 23:36:36 +0000},
	Edition = {2nd},
	Isbn = {9780387094946},
	Lccn = {2009926474},
	Publisher = {Springer},
	Series = {Graduate Texts in Mathematics},
	Title = {The Arithmetic of Elliptic Curves},
	Url = {https://books.google.co.uk/books?id=Z90CA\_EUCCkC},
	Year = {2009},
	Bdsk-Url-1 = {https://books.google.co.uk/books?id=Z90CA%5C_EUCCkC}}
